%% LaTeX2e file `documentation.bib'
%% generated by the `filecontents' environment
%% from source `documentation' on 2016/05/24.
%%
@misc{Aunit,
  author = "AdaCore",
  title = {\textit{Ada unit testing framework}},
  url = "http://libre.adacore.com/tools/aunit/",
  year = "2016"
}

@techreport{Ada-Interface-Types,
 title = {\textit{The Implementation of Ada 2005 Interface Types in the GNAT Compiler}},
 author = "Javier Miranda and Edmond Schonberg and Gary Dismukes",
 year = 2005,
 institution = "AdaCore",
 url = "http://www.adacore.com/uploads/technical-papers/Ada-2005_Interface_Types.pdf"
}

@techreport{rfc7159,
 title = {\textit{The JavaScript Object Notation (JSON) Data Interchange Format}},
 author = "Douglas Crockford",
 HOWPUBLISHED = {Internet Requests for Comments},
 year = 2014,
 month = "March",
 PUBLISHER = "{RFC Editor}",
 TYPE = "{RFC}",
 NUMBER = 7159,
 INSTITUTION = "{RFC Editor}"
}
